/home/ochir/Mystudies/santorini.bib